@misc{tong2010wavelet,
  title={Wavelet Transform And Principal Component Analysis Based Feature Extraction},
  author={Tong, Keyun},
  year={2010}
}

@book{jones2004introduction,
  title={An Introduction to Bioinformatics Algorithms},
  author={Jones, N.C. and Pevzner, P.},
  isbn={9780262101066},
  lccn={2004048289},
  series={A Bradford book},
  url={http://books.google.ch/books?id=p\_qzpkNVcUwC},
  year={2004},
  publisher={London}
}

@inproceedings{ding2004,
 author = {Ding, Chris and He, Xiaofeng},
 title = {K-means Clustering via Principal Component Analysis},
 booktitle = {Proceedings of the Twenty-first International Conference on Machine Learning},
 series = {ICML '04},
 year = {2004},
 isbn = {1-58113-838-5},
 location = {Banff, Alberta, Canada},
 pages = {29--},
 url = {http://doi.acm.org/10.1145/1015330.1015408},
 doi = {10.1145/1015330.1015408},
 acmid = {1015408},
 publisher = {ACM},
 address = {New York, NY, USA},
} 

@InProceedings{MartinFTM01,
  author = {D. Martin and C. Fowlkes and D. Tal and J. Malik},
  title = {A Database of Human Segmented Natural Images and its
           Application to Evaluating Segmentation Algorithms and
           Measuring Ecological Statistics},
  booktitle = {Proc. 8th Int'l Conf. Computer Vision},
  year = {2001},
  month = {July},
  volume = {2},
  pages = {416--423}
}